{
  "leader": "03935cam a2200673 a 4500",
  "fields": [
    {
      "001": "ocm28503675\\"
    },
    {
      "003": "OCoLC"
    },
    {
      "005": "20220301114730.0"
    },
    {
      "008": "930622s1994\\\\\\\\inu\\\\\\\\\\\\b\\\\\\s001\\0\\eng\\\\"
    },
    {
      "010": {
        "ind1": "\\",
        "ind2": "\\",
        "subfields": [
          {
            "a": "   93024416 "
          }
        ]
      }
    },
    {
      "040": {
        "ind1": "\\",
        "ind2": "\\",
        "subfields": [
          {
            "a": "DLC"
          },
          {
            "b": "eng"
          },
          {
            "c": "DLC"
          },
          {
            "d": "NLM"
          },
          {
            "d": "BAKER"
          },
          {
            "d": "NLGGC"
          },
          {
            "d": "BTCTA"
          },
          {
            "d": "YDXCP"
          },
          {
            "d": "ZCH"
          },
          {
            "d": "BDX"
          },
          {
            "d": "GBVCP"
          },
          {
            "d": "OCLCF"
          },
          {
            "d": "OCLCQ"
          },
          {
            "d": "OCLCA"
          },
          {
            "d": "EUM"
          },
          {
            "d": "UKMGB"
          },
          {
            "d": "L2U"
          },
          {
            "d": "OCLCO"
          },
          {
            "d": "OCLCA"
          }
        ]
      }
    },
    {
      "016": {
        "ind1": "7",
        "ind2": "\\",
        "subfields": [
          {
            "a": "9438972"
          },
          {
            "2": "DNLM"
          }
        ]
      }
    },
    {
      "016": {
        "ind1": "7",
        "ind2": "\\",
        "subfields": [
          {
            "a": "007913015"
          },
          {
            "2": "Uk"
          }
        ]
      }
    },
    {
      "019": {
        "ind1": "\\",
        "ind2": "\\",
        "subfields": [
          {
            "a": "1000783529"
          },
          {
            "a": "1152798946"
          },
          {
            "a": "1167045882"
          },
          {
            "a": "1229811211"
          },
          {
            "a": "1276200625"
          }
        ]
      }
    },
    {
      "020": {
        "ind1": "\\",
        "ind2": "\\",
        "subfields": [
          {
            "a": "0253315832"
          },
          {
            "q": "(cloth ;"
          },
          {
            "q": "alk. paper)"
          }
        ]
      }
    },
    {
      "020": {
        "ind1": "\\",
        "ind2": "\\",
        "subfields": [
          {
            "a": "9780253315830"
          },
          {
            "q": "(cloth ;"
          },
          {
            "q": "alk. paper)"
          }
        ]
      }
    },
    {
      "035": {
        "ind1": "\\",
        "ind2": "\\",
        "subfields": [
          {
            "a": "(OCoLC)28503675"
          },
          {
            "z": "(OCoLC)1000783529"
          },
          {
            "z": "(OCoLC)1152798946"
          },
          {
            "z": "(OCoLC)1167045882"
          },
          {
            "z": "(OCoLC)1229811211"
          },
          {
            "z": "(OCoLC)1276200625"
          }
        ]
      }
    },
    {
      "043": {
        "ind1": "\\",
        "ind2": "\\",
        "subfields": [
          {
            "a": "cl-----"
          },
          {
            "a": "n-us---"
          }
        ]
      }
    },
    {
      "050": {
        "ind1": "0",
        "ind2": "0",
        "subfields": [
          {
            "a": "Q175.52.L37"
          },
          {
            "b": "M57 1994"
          }
        ]
      }
    },
    {
      "060": {
        "ind1": "0",
        "ind2": "0",
        "subfields": [
          {
            "a": "1994 H-844"
          }
        ]
      }
    },
    {
      "060": {
        "ind1": "1",
        "ind2": "0",
        "subfields": [
          {
            "a": "Q 175.52.L37"
          },
          {
            "b": "M678 1994"
          }
        ]
      }
    },
    {
      "082": {
        "ind1": "0",
        "ind2": "4",
        "subfields": [
          {
            "a": "303.483098"
          },
          {
            "b": "MIS"
          }
        ]
      }
    },
    {
      "049": {
        "ind1": "\\",
        "ind2": "\\",
        "subfields": [
          {
            "a": "NYRV"
          }
        ]
      }
    },
    {
      "245": {
        "ind1": "0",
        "ind2": "0",
        "subfields": [
          {
            "a": "Missionaries of science :"
          },
          {
            "b": "the Rockefeller Foundation and Latin America /"
          },
          {
            "c": "edited by Marcos Cueto."
          }
        ]
      }
    },
    {
      "260": {
        "ind1": "\\",
        "ind2": "\\",
        "subfields": [
          {
            "a": "Bloomington :"
          },
          {
            "b": "Indiana University Press,"
          },
          {
            "c": "\u00a91994."
          }
        ]
      }
    },
    {
      "300": {
        "ind1": "\\",
        "ind2": "\\",
        "subfields": [
          {
            "a": "xx, 171 pages ;"
          },
          {
            "c": "25 cm."
          }
        ]
      }
    },
    {
      "336": {
        "ind1": "\\",
        "ind2": "\\",
        "subfields": [
          {
            "a": "text"
          },
          {
            "b": "txt"
          },
          {
            "2": "rdacontent"
          }
        ]
      }
    },
    {
      "337": {
        "ind1": "\\",
        "ind2": "\\",
        "subfields": [
          {
            "a": "unmediated"
          },
          {
            "b": "n"
          },
          {
            "2": "rdamedia"
          }
        ]
      }
    },
    {
      "338": {
        "ind1": "\\",
        "ind2": "\\",
        "subfields": [
          {
            "a": "volume"
          },
          {
            "b": "nc"
          },
          {
            "2": "rdacarrier"
          }
        ]
      }
    },
    {
      "490": {
        "ind1": "1",
        "ind2": "\\",
        "subfields": [
          {
            "a": "Philanthropic studies"
          }
        ]
      }
    },
    {
      "504": {
        "ind1": "\\",
        "ind2": "\\",
        "subfields": [
          {
            "a": "Includes bibliographical references and index."
          }
        ]
      }
    },
    {
      "520": {
        "ind1": "1",
        "ind2": "\\",
        "subfields": [
          {
            "a": "\"Concerns impact of American philanthropy on public health, agriculture, and science in Latin America and relations with State authority from 1920s-60s, with particular attention to Brazil and Mexico\"--Handbook of Latin American Studies, v. 57."
          },
          {
            "u": "http://www.loc.gov/hlas"
          }
        ]
      }
    },
    {
      "505": {
        "ind1": "0",
        "ind2": "\\",
        "subfields": [
          {
            "a": "1. Visions of Science and Development: The Rockefeller Foundation's Latin American Surveys of the 1920s / Marcos Cueto -- 2. Nationalism and Public Health: The Convergence of Rockefeller Foundation Technique and Brazilian Federal Authority during the Time of Yellow Fever, 1925-1930 / Steven C. Williams -- 3. The Rockefeller Foundation in Revolutionary Mexico: Yellow Fever in Yucatan and Veracruz / Armando Solorzano -- 4. Exporting American Agriculture: The Rockefeller Foundation in Mexico, 1943-1953 / Deborah Fitzgerald -- 5. The Rockefeller Foundation's Mexican Agricultural Project: A Cross-Cultural Encounter, 1943-1949 / Joseph Cotter -- 6. The Rockefeller Foundation's Medical Policy and Scientific Research in Latin America: The Case of Physiology / Marcos Cueto -- 7. The Rockefeller Foundation and the Emergence of Genetics in Brazil, 1943-1960 / Thomas F. Glick."
          }
        ]
      }
    },
    {
      "610": {
        "ind1": "2",
        "ind2": "0",
        "subfields": [
          {
            "a": "Rockefeller Foundation."
          }
        ]
      }
    },
    {
      "650": {
        "ind1": "\\",
        "ind2": "0",
        "subfields": [
          {
            "a": "Science"
          },
          {
            "x": "Social aspects"
          },
          {
            "z": "Latin America."
          }
        ]
      }
    },
    {
      "650": {
        "ind1": "\\",
        "ind2": "0",
        "subfields": [
          {
            "a": "Social medicine"
          },
          {
            "z": "Latin America."
          }
        ]
      }
    },
    {
      "650": {
        "ind1": "\\",
        "ind2": "0",
        "subfields": [
          {
            "a": "Research"
          },
          {
            "z": "Latin America"
          },
          {
            "x": "International cooperation."
          }
        ]
      }
    },
    {
      "650": {
        "ind1": "\\",
        "ind2": "0",
        "subfields": [
          {
            "a": "Research"
          },
          {
            "z": "United States"
          },
          {
            "x": "International cooperation."
          }
        ]
      }
    },
    {
      "650": {
        "ind1": "\\",
        "ind2": "0",
        "subfields": [
          {
            "a": "Medicine"
          },
          {
            "x": "Research"
          },
          {
            "z": "Latin America"
          },
          {
            "x": "International cooperation."
          }
        ]
      }
    },
    {
      "650": {
        "ind1": "\\",
        "ind2": "0",
        "subfields": [
          {
            "a": "Medicine"
          },
          {
            "x": "Research"
          },
          {
            "z": "United States"
          },
          {
            "x": "International cooperation."
          }
        ]
      }
    },
    {
      "610": {
        "ind1": "2",
        "ind2": "7",
        "subfields": [
          {
            "a": "Rockefeller Foundation."
          },
          {
            "2": "fast"
          },
          {
            "0": "(OCoLC)fst00528303"
          }
        ]
      }
    },
    {
      "650": {
        "ind1": "\\",
        "ind2": "7",
        "subfields": [
          {
            "a": "Medicine"
          },
          {
            "x": "Research"
          },
          {
            "x": "International cooperation."
          },
          {
            "2": "fast"
          },
          {
            "0": "(OCoLC)fst01015075"
          }
        ]
      }
    },
    {
      "650": {
        "ind1": "\\",
        "ind2": "7",
        "subfields": [
          {
            "a": "Research"
          },
          {
            "x": "International cooperation."
          },
          {
            "2": "fast"
          },
          {
            "0": "(OCoLC)fst01095203"
          }
        ]
      }
    },
    {
      "650": {
        "ind1": "\\",
        "ind2": "7",
        "subfields": [
          {
            "a": "Science"
          },
          {
            "x": "Social aspects."
          },
          {
            "2": "fast"
          },
          {
            "0": "(OCoLC)fst01108360"
          }
        ]
      }
    },
    {
      "650": {
        "ind1": "\\",
        "ind2": "7",
        "subfields": [
          {
            "a": "Social medicine."
          },
          {
            "2": "fast"
          },
          {
            "0": "(OCoLC)fst01122637"
          }
        ]
      }
    },
    {
      "651": {
        "ind1": "\\",
        "ind2": "7",
        "subfields": [
          {
            "a": "Latin America."
          },
          {
            "2": "fast"
          },
          {
            "0": "(OCoLC)fst01245945"
          }
        ]
      }
    },
    {
      "651": {
        "ind1": "\\",
        "ind2": "7",
        "subfields": [
          {
            "a": "United States."
          },
          {
            "2": "fast"
          },
          {
            "0": "(OCoLC)fst01204155"
          }
        ]
      }
    },
    {
      "610": {
        "ind1": "2",
        "ind2": "2",
        "subfields": [
          {
            "a": "Rockefeller Foundation."
          }
        ]
      }
    },
    {
      "650": {
        "ind1": "1",
        "ind2": "2",
        "subfields": [
          {
            "a": "Science."
          },
          {
            "0": "(DNLM)D012586"
          }
        ]
      }
    },
    {
      "650": {
        "ind1": "2",
        "ind2": "2",
        "subfields": [
          {
            "a": "International Cooperation."
          },
          {
            "0": "(DNLM)D007391"
          }
        ]
      }
    },
    {
      "650": {
        "ind1": "2",
        "ind2": "2",
        "subfields": [
          {
            "a": "Research."
          },
          {
            "0": "(DNLM)D012106"
          }
        ]
      }
    },
    {
      "651": {
        "ind1": "\\",
        "ind2": "2",
        "subfields": [
          {
            "a": "Latin America."
          },
          {
            "0": "(DNLM)D007843"
          }
        ]
      }
    },
    {
      "651": {
        "ind1": "\\",
        "ind2": "2",
        "subfields": [
          {
            "a": "United States."
          },
          {
            "0": "(DNLM)D014481"
          }
        ]
      }
    },
    {
      "700": {
        "ind1": "1",
        "ind2": "\\",
        "subfields": [
          {
            "a": "Cueto, Marcos."
          }
        ]
      }
    },
    {
      "776": {
        "ind1": "0",
        "ind2": "8",
        "subfields": [
          {
            "i": "Online version:"
          },
          {
            "t": "Missionaries of science."
          },
          {
            "d": "Bloomington : Indiana University Press, \u00a91994"
          },
          {
            "w": "(OCoLC)656967708"
          }
        ]
      }
    },
    {
      "830": {
        "ind1": "\\",
        "ind2": "0",
        "subfields": [
          {
            "a": "Philanthropic studies."
          }
        ]
      }
    },
    {
      "912": {
        "ind1": "\\",
        "ind2": "\\",
        "subfields": []
      }
    },
    {
      "999": {
        "ind1": "\\",
        "ind2": "\\",
        "subfields": [
          {
            "a": "00000000013578"
          }
        ]
      }
    },
    {
      "994": {
        "ind1": "\\",
        "ind2": "\\",
        "subfields": [
          {
            "a": "C0"
          },
          {
            "b": "NYRVC"
          }
        ]
      }
    }
  ]
}